
@inproceedings{marecek:twostep,
  author    = {David Mare\v{c}ek and Rudolf Rosa and Petra Galu\v{s}\v{c}\'{a}kov\'{a} and Ond\v{r}ej Bojar},
  title     = {Two-step translation with grammatical post-processing},
  booktitle = {Proc. of WMT},
  month     = {July},
  year      = {2011},
  address   = {Edinburgh, UK},
  HIDEpublisher = {Association for Computational Linguistics},
}

@inproceedings{clark:optimizerinstability,
  author    = {Clark, Jonathan H.  and  Dyer, Chris  and  Lavie, Alon  and  Smith, Noah A.},
  title     = {Better Hypothesis Testing for Statistical Machine Translation: Controlling for Optimizer Instability},
  booktitle = {Proc. of ACL/HLT},
  month     = {June},
  year      = {2011},
  address   = {Portland, Oregon, USA},
  HIDEpublisher = {Association for Computational Linguistics},
  pages     = {176--181},
  url       = {http://www.aclweb.org/anthology/P11-2031}
}

@inproceedings{papineni:bleu,
 author = {Papineni, Kishore and Roukos, Salim and Ward, Todd and Zhu, Wei-Jing},
 title = {{BLEU: a method for automatic evaluation of machine translation}},
 booktitle = {Proc. of ACL},
 HIDEseries = {ACL '02},
 year = {2002},
 address = {Philadelphia, Pennsylvania},
 pages = {311--318},
 numpages = {8},
 url = {http://dx.doi.org/10.3115/1073083.1073135},
 HIDEdoi = {http://dx.doi.org/10.3115/1073083.1073135},
 acmid = {1073135},
 HIDEpublisher = {Association for Computational Linguistics},
 PUBaddress = {Stroudsburg, PA, USA},
} 

@inproceedings{manku:lossycounting,
 author = {Manku, Gurmeet Singh and Motwani, Rajeev},
 title = {{Approximate Frequency Counts over Data Streams}},
 booktitle = {Proceedings of the 28th International Conference on Very Large Data Bases},
 year = {2002},
 location = {Hong Kong, China},
} 

@inproceedings{johnson:sigfilter,
 author = {Johnson, J Howard and Martin, Joel and Foster, George and Kuhn, Roland},
 title = {{Improving Translation Quality by Discarding Most of the Phrasetable}},
 booktitle = {Proc. of EMNLP and Computational Natural Language Learning},
 year = {2007},
 location = {Prague},
 pages = {967--975},
 HIDEpublisher = {Association for Computational Linguistics},
} 

@inproceedings{levenberg:streamtm,
 author = {Levenberg, Abby and Callison-Burch, Chris and Osborne, Miles},
 title = {{Stream-based translation models for statistical machine translation}},
 booktitle = {Proc. of HTL/NAACL},
 HIDEseries = {HLT '10},
 year = {2010},
 HIDEisbn = {1-932432-65-5},
 address = {Los Angeles, California},
 pages = {394--402},
 numpages = {9},
 url = {http://portal.acm.org/citation.cfm?id=1857999.1858061},
 acmid = {1858061},
 HIDEpublisher = {Association for Computational Linguistics},
 PUBaddress = {Stroudsburg, PA, USA},
}

@inproceedings{goyal:streaminglm,
 author = {Goyal, Amit and Daum\'{e},III, Hal and Venkatasubramanian, Suresh},
 title = {{Streaming for large scale NLP: language modeling}},
 booktitle = {Proc. of HTL/NAACL},
 HIDEseries = {NAACL '09},
 year = {2009},
 HIDEisbn = {978-1-932432-41-1},
 address = {Boulder, Colorado},
 pages = {512--520},
 numpages = {9},
 url = {http://portal.acm.org/citation.cfm?id=1620754.1620829},
 acmid = {1620829},
 HIDEpublisher = {Association for Computational Linguistics},
 PUBaddress = {Stroudsburg, PA, USA},
}

@article{hardmeier:memscore,
  title = {{Fast and Extensible Phrase Scoring for Statistical Machine Translation}},
  author = {Hardmeier, Christian},
  journal = {The Prague Bulletin of Mathematical Linguistics},
  year = {2010},
  volume = {93},
  pages = {79--88},
}

@inproceedings{koehn:moses,
  title = {{Moses: Open Source Toolkit for Statistical Machine Translation}},
  booktitle = {Proc. of ACL (Demonstration Session)},
  author = {Koehn, Philipp and Hoang, Hieu and Birch, Alexandra and Callison-Burch, Chris and Federico, Marcello and Bertoldi, Nicola and Cowan, Brooke and Shen, Wade and Moran, Christine and Zens, Richard and Dyer, Chris and Bojar, Ondrej and Constantin, Alexandra and Herbst, Evan},
  year = {2007},
  location = {Prague, Czech Republic},
  pages = {177--180},
}

@article{bojar:czeng,
  publicationtype = {article},
  author = {Ond{\v{r}}ej Bojar and Zden{\v{e}}k {\v{Z}}abokrtsk{\'{y}}},
  title = "{CzEng0.9: Large Parallel Treebank with Rich Annotation}",
  journal = {Prague Bulletin of Mathematical Linguistics},
  volume = {92},
  ISSN = {0032-6585},
  publisher = {Charles University},
  pubaddress = {Prague},
  Year = {2009},
 pages = {63--83},
}

@article{och:giza,
  author = {Franz Josef Och and Hermann Ney},
  title = {A Systematic Comparison of Various Statistical Alignment Models},
  journal= {Computational Linguistics}, 
  number = 1,
  volume = 29,
  year = 2003,
  pages = {19--51},
  projectURL = {http://fjoch.com/GIZA++.html}
}

@book{koehn:smt,
  Address = {Cambridge, UK},
  Author = {Koehn, Philipp},
  Isbn = {978-0-521-87415-1},
  Publisher = {Cambridge University Press},
  Title = {{Statistical Machine Translation}},
  Year = {2010}
}
